@article{ marzari2009,
  title = "On the eccentricity of self-gravitating circumstellar disks in eccentric binary systems",
  author = "F. Marzari and H.Scholl and P. Thebault and C. Baruteau",
  publisher = "Astronomy & Astrophysics manuscript no. disk7",
  year = 2009
}

@article{ kley2007,
  title = "Planet formation in binary stars: the case of $\gamma$ Cephei",
  author = "W. Kley and R.P. Nelson",
  publisher = "Astronomy & Astrophysics 617-628",
  year = 2008
}

@article{ kley2008,
  title = "Simulations of eccentric disks in close binary systems",
  author = "W. Kley and J.C.B. Papaloizou and G.I. Ogilvie",
  publisher = "Astronomy & Astrophysics 617-687",
  year = 2008
}

@article{ mueller2010,
  title = "Self-gravitating Accretion Disks, Diploma Thesis",
  author = "Tobias Müller",
  publisher = "Institut für Astronomie und Astrophysik",
  year = 2010
}

@article{ mayorqueloz,
  title = "A Jupiter-mass companion to a solar-type star",
  author = "M. Mayor and D. Queloz",
  publisher = "Nature 378",
  pages = "355–359",
  year = 1995
}

@article{ campbellwalkeryang,
  title = "A search for substellar companions to solar-type stars",
  author = "Campbell, Bruce and Walker, G. A. H. and Yang, S.",
  publisher = "Astrophysical Journal, Part 1 (ISSN 0004-637X), vol. 331, Aug. 15, 1988, p. 902-921. ",
  year = 1988
}

@MISC{FARGO,
      AUTHOR = "F. Masset",
      TITLE = "A simple and fast 2-D polar hydrodynamic code dedicated to planet-disk tidal interactions",
      MONTH = "July",
      YEAR = {2010},
      NOTE = "\texttt{http://fargo.in2p3.fr}"
}


@MISC{fargnuplot,
      AUTHOR = "Hanno Rein",
      TITLE = "A powerful script developped by Hanno Rein",
      MONTH = "July",
      YEAR = {2010},
      NOTE = "\texttt{http://fargo.in2p3.fr/spip.php?article80}"
}

